@article{李博2010事件挖掘综述,
  title={事件挖掘综述},
  author={李博 and 易东云 and 赵城利},
  journal={計算機與現代化},
  volume={2010},
  number={11},
  pages={1--4+},
  year={2010},
  publisher={《 計算機與現代化》 編輯部}
}

@article{bhatt2015amazon,
  title={Amazon review classification and sentiment analysis},
  author={Bhatt, Aashutosh and Patel, Ankit and Chheda, Harsh and Gawande, Kiran},
  journal={International Journal of Computer Science and Information Technologies},
  volume={6},
  number={6},
  pages={5107--5110},
  year={2015},
  publisher={Citeseer}
}

@article{chua2017analyzing,
  title={Analyzing review efficacy on Amazon. com: Does the rich grow richer?},
  author={Chua, Alton YK and Banerjee, Snehasish},
  journal={Computers in Human Behavior},
  volume={75},
  pages={501--509},
  year={2017},
  publisher={Elsevier}
}

@article{黄好钦2019模糊综合评价法在评价网购商品中的应用,
  title={模糊综合评价法在评价网购商品中的应用},
  author={黄好钦 and 江可鉴 and 刘庆 and 胡勇文 and 常礼昌},
  journal={内江科技},
  number={8},
  pages={24},
  year={2019}
}

@Misc{tgeekwire.com,
howpublished = {\url{https://www.geekwire.com/2015/amazon-changes-its-influential-formula-for-calculating-product-ratings/}},
title = {Amazon changes its key formula for calculating product ratings and displaying reviews},
author = {TODD BISHOP}
}

@Misc{nltk.org,
howpublished = {\url{https://www.nltk.org/}},
title = {NLTK 3.5b1 documentation}
}

@Misc{textblob.readthedocs.io,
howpublished = {\url{https://textblob.readthedocs.io/en/dev/}},
title = {TextBlob: Simplified Text Processing}
}